<?xml version="1.0" encoding="UTF-8"?><collection xmlns="http://www.loc.gov/MARC21/slim"><record><leader>00269nam--2200109-i-4500</leader><controlfield tag="001">000004274</controlfield><controlfield tag="002">20161230</controlfield><controlfield tag="005">20161230201025</controlfield><controlfield tag="008">060222s1000------------r-----000-0-eng-d</controlfield><datafield ind1=" " ind2=" " tag="245"><subfield code="a">Contributions to the theory of nonlinear oscillations</subfield></datafield><datafield ind1=" " ind2=" " tag="700"><subfield code="a">S. Lefschetz</subfield></datafield><datafield ind1=" " ind2=" " tag="852"><subfield code="a">5395</subfield></datafield></record></collection>